% This file was created with JabRef 2.9.2.
% Encoding: Cp1252

@INPROCEEDINGS{Elwood_CollapsibleTelescope,
  author = {Elwood Agasid and Kimberly Ennico-Smith and Abraham Rademacher},
  title = {Collapsible Space Telescope (CST) for Nanosatellite Imaging and Observation},
  booktitle = {Proceedings of the AIAA/USU Conference on Small Satellites},
  year = {2013},
  owner = {Javier},
  timestamp = {2013.08.31}
}

@INPROCEEDINGS{Asundi_SpaceDebris,
  author = {Sharan Asundi},
  title = {Design and Analysis of a Nanosatellite Platform for Orbital Debris
	Mitigation through Launch of Space Tether in Low Earth Orbits},
  booktitle = {Proceedings of the AIAA/USU Conference on Small Satellites},
  year = {2013},
  owner = {Javier},
  timestamp = {2013.08.31}
}

@INPROCEEDINGS{Bonin_FF_CanX-4&5,
  author = {Grant Bonin and Niels Roth and Scott Armitage and Ben Risi and Robert
	Zee},
  title = {The CanX-4\&5 Formation Flying Mission: A Technology Pathfinder for
	Nanosatellite Constellations},
  booktitle = {Proceedings of the AIAA/USU Conference on Small Satellites},
  year = {2013},
  owner = {Javier},
  timestamp = {2013.08.31}
}

@INPROCEEDINGS{Champagne_deployablemirror,
  author = {James Champagne and Blake Crowther and Trent Newswander},
  title = {Deployable Mirror for Enhanced Imagery Suitable for Small Satellite
	Applications},
  booktitle = {Proceedings of the AIAA/USU Conference on Small Satellites},
  year = {2013},
  owner = {Javier},
  timestamp = {2013.08.31}
}

@INPROCEEDINGS{Conklin_GeoAero_Constellation,
  author = {John Conklin and Anh Nguyen and Seong Hong and Sasha Buchman and
	Robert Byer and Grant Cutler and Dan DeBra and Eric Hultgren},
  title = {Small Satellite Constellations for Earth Geodesy and Aeronomy},
  booktitle = {Proceedings of the AIAA/USU Conference on Small Satellites},
  year = {2013},
  owner = {Javier},
  timestamp = {2013.08.31}
}

@INPROCEEDINGS{Dujin_Radar,
  author = {Pieter van Duijn and Max Pastena},
  title = {PanelSAR: A Smallsat Radar Instrument},
  booktitle = {Proceedings of the AIAA/USU Conference on Small Satellites},
  year = {2013},
  owner = {Javier},
  timestamp = {2013.08.31}
}

@INPROCEEDINGS{Edward_GRAIL,
  author = {Christine Edwards-Stewart},
  title = {NASA's GRAIL Spacecraft Formation Flight, End of Mission Results,
	and Small--Satellite Applications},
  booktitle = {Proceedings of the AIAA/USU Conference on Small Satellites},
  year = {2013},
  owner = {Javier},
  timestamp = {2013.08.31}
}

@INPROCEEDINGS{Freeman_Exoplanet,
  author = {Anthony Freeman},
  title = {CubeSats -- Have They Reached Their Explorer-1 Moment?},
  booktitle = {Proceedings of the AIAA/USU Conference on Small Satellites},
  year = {2013},
  owner = {Javier},
  timestamp = {2013.08.31}
}

@INPROCEEDINGS{Gangestad_FF_AeroForces,
  author = {Joseph Gangestad and Brian Hardy and David Hinkley},
  title = {Operations, Orbit Determination, and Formation Control of the AeroCube-4
	CubeSats},
  booktitle = {Proceedings of the AIAA/USU Conference on Small Satellites},
  year = {2013},
  owner = {Javier},
  timestamp = {2013.08.31}
}

@INPROCEEDINGS{Gunderson_MultiptMeasureConstellation,
  author = {Adam Gunderson and David Klumpar and Matthew Handley and Keith Mashburn
	and Ehson Mosleh and Larry Springer and James Cockrell},
  title = {Simultaneous Multi-Point Space Weather Measurements using the Low Cost {EDSN} CubeSat Constellation},
  booktitle = {Proceedings of the AIAA/USU Conference on Small Satellites},
  year = {2013},
  owner = {Javier},
  timestamp = {2013.08.31}
}

@INPROCEEDINGS{Guo_FF_single2FF,
  author = {Jian Guo and Jasper Bouwmeester and Eberhard Gill},
  title = {From Single to Formation Flying CubeSats: An Update from the Delft
	Programme},
  booktitle = {Proceedings of the AIAA/USU Conference on Small Satellites},
  year = {2013},
  owner = {Javier},
  timestamp = {2013.08.31}
}

@INPROCEEDINGS{Janson_Femtosats,
  author = {Siegfried Janson and David Barnhart},
  title = {The Next Little Thing: Femtosatellites},
  booktitle = {Proceedings of the AIAA/USU Conference on Small Satellites},
  year = {2013},
  owner = {Javier},
  timestamp = {2013.08.31}
}

@INPROCEEDINGS{Klumpar_4FF_spacecraft,
  author = {David M. Klumpar},
  title = {NASA's Four Spacecraft Magnetospheric Multiscale Mission},
  booktitle = {Proceedings of the AIAA/USU Conference on Small Satellites},
  year = {2013},
  owner = {Javier},
  timestamp = {2013.08.31}
}

@INPROCEEDINGS{Leiter_Geoloc,
  author = {Noam Leiter},
  title = {Real-Time Geolocation with a Satellite Formation},
  booktitle = {Proceedings of the AIAA/USU Conference on Small Satellites},
  year = {2013},
  owner = {Javier},
  timestamp = {2013.08.31}
}

@INPROCEEDINGS{Marshall_PlanetLab,
  author = {William Marshall and Chris Boshuizen},
  title = {Planet Labs Remote Sensing Satellite System},
  booktitle = {Proceedings of the AIAA/USU Conference on Small Satellites},
  year = {2013},
  owner = {Javier},
  timestamp = {2013.08.31}
}

@INPROCEEDINGS{Muelle_AsteroidProspector,
  author = {Joseph Mueller and Michael Paluszek and Stephanie Thomas and Amanda
	Knutson and Douglas Klein and Margaret Tam},
  title = {Asteroid Prospector},
  booktitle = {Proceedings of the AIAA/USU Conference on Small Satellites},
  year = {2013},
  owner = {Javier},
  timestamp = {2013.08.31}
}

@INPROCEEDINGS{Nag_BRDF,
  author = {Sreeja Nag},
  title = {Design of Nano-satellite Cluster Formations for Bi-Directional Reflectance
	Distribution Function (BRDF) Estimations},
  booktitle = {Proceedings of the AIAA/USU Conference on Small Satellites},
  year = {2013},
  owner = {Javier},
  timestamp = {2013.08.31}
}

@INPROCEEDINGS{Norton_KISS,
  author = {Charles Norton and Sergio Pellegrino and Michael Johnson},
  title = {Findings of the KECK Institute for Space Studies Program on Small
	Satellites: A Revolution in Space Science},
  booktitle = {Proceedings of the AIAA/USU Conference on Small Satellites},
  year = {2013},
  owner = {Javier},
  timestamp = {2013.08.31}
}

@INPROCEEDINGS{Sharmila_ContellationTempHumidity,
  author = {Sharmila Padmanabhan and Shannon Brown and Pekka Kangaslahti and
	Richard Cofield and Damon Russell and Robert Stachnik and Joel Steinkraus
	and Boon Lim},
  title = {A 6{U} CubeSat Constellation for Atmospheric Temperature and Humidity
	Sounding},
  booktitle = {Proceedings of the AIAA/USU Conference on Small Satellites},
  year = {2013},
  owner = {Javier},
  timestamp = {2013.08.31}
}

@INPROCEEDINGS{Quillen_FF_RadioTelescope,
  author = {K.A. Quillien and S. Engelen and E.K.A. Gill and D.M.P. Smith and
	M.J. Arts and A.-J. Boonsta},
  title = {Astronomical Antenna for a Space Based Low Frequency Radio Telescope},
  booktitle = {Proceedings of the AIAA/USU Conference on Small Satellites},
  year = {2013},
  owner = {Javier},
  timestamp = {2013.08.31}
}

@INPROCEEDINGS{Radhika_FF_intercomunication,
  author = {Radhika Radhakrishnan and Qing-An Zeng and William Edmonson},
  title = {Small Satellite Cluster Inter-Connectivity},
  booktitle = {Proceedings of the AIAA/USU Conference on Small Satellites},
  year = {2013},
  owner = {Javier},
  timestamp = {2013.08.31}
}

@INPROCEEDINGS{Rossi_SwissCube,
  author = {Stefano Rossi and Anton Ivanov},
  title = {The SwissCube: Results and Lessons Learned After 4 Years of Operations
	in Space},
  booktitle = {Proceedings of the AIAA/USU Conference on Small Satellites},
  year = {2013},
  owner = {Javier},
  timestamp = {2013.08.31}
}

@INPROCEEDINGS{Stepan_ConstellationImagery,
  author = {Leon Stepan and Iain Cartwright and David Lingard},
  title = {Can a Constellation of CubeSats Create a Capability? Satisfying Australia's
	Future Need for Multi-Spectral Imagery},
  booktitle = {Proceedings of the AIAA/USU Conference on Small Satellites},
  year = {2013},
  owner = {Javier},
  timestamp = {2013.08.31}
}

@CONFERENCE{Underwood_ReconfigTelescope,
  author = {Craig Underwood and Sergio Pellegrino and Vaios Lappas and Chris
	Bridges and Ben Taylor and Savan Chhaniyara and Theodoros Theodorou
	and Peter Shaw and Manan Arya and Kristina Hogstrom and Keith Patterson
	and John Steeves and Lee Wilson and Nadjim Horri},
  title = {Autonomous Assembly of a Reconfiguarble Space Telescope ($AAReST$)
	-- A CubeSat/Microsatellite Based Technology Demonstrator},
  booktitle = {Proceedings of the AIAA/USU Conference on Small Satellites},
  year = {2013},
  owner = {Javier},
  timestamp = {2013.08.31}
}

@INPROCEEDINGS{Voronka_FF_Crosslink,
  author = {Nestor Voronka and Tyrel Newton and Peter Gagnon and Alan Chandler},
  title = {Enabling Radio Crosslink Technology for High Performance Coordinated
	Constellations},
  booktitle = {Proceedings of the AIAA/USU Conference on Small Satellites},
  year = {2013},
  owner = {Javier},
  timestamp = {2013.08.31}
}

@INPROCEEDINGS{Wloszek_3Dwinds,
  author = {Paul Wloszek and Ronald Glumb and Redgie Lancaster and Chris Lietzke
	and Steve McCarty and Jessica Arlas and Brandon Heidt and Michael
	Ramirez and Vritika Singh},
  title = {FTS CubeSat Constellation Providing 3D Winds},
  booktitle = {Proceedings of the AIAA/USU Conference on Small Satellites},
  year = {2013},
  owner = {Javier},
  timestamp = {2013.08.31}
}

@INPROCEEDINGS{Wrobel_Shielding,
  author = {Jonathan Wrobel and Robert Hoyt and Jesse Cushing and Mark Jaster
	and Nestor Voronka and Jeffrey Slostad and Lenny Paritsky},
  title = {Versatile Structural Radiation Shielding and Thermal Insulation through
	Additive Manufacturing},
  booktitle = {Proceedings of the AIAA/USU Conference on Small Satellites},
  year = {2013},
  owner = {Javier},
  timestamp = {2013.08.31}
}

@INPROCEEDINGS{Yost_MultipointMeasurement,
  author = {Bruce Yost},
  title = {EDSN Update},
  booktitle = {Proceedings of the AIAA/USU Conference on Small Satellites},
  year = {2013},
  owner = {Javier},
  timestamp = {2013.08.31}
}


% Encoding: Cp1252


@ARTICLE{Ref:Blackwell12,
  author = {William Blackwell, et al},
  title = {Nanosatellites for Earth Environmental Monitoring: The MicroMAS Project},
  journal = {Small Satellite Conference},
  year = {2012},
  volume = {The Horizon}
}

@ARTICLE{Ref:Shmuel12,
  author = {Barbara Shmuel, et al},
  title = {The Canadian Advanced Nanospace eXperiment 7 (CanX-7) Demonstration Mission: De-Orbiting Nano- and Microspacecraft},
  journal = {Small Satellite Conference},
  year = {2012},
  volume = {The Horizon}
}

@ARTICLE{Ref:Janson12,
  author = {Siegfried Janson, et al},
  title = {Attitude Control on the Pico Satellite Solar Cell Testbed-2},
  journal = {Small Satellite Conference},
  year = {2012},
  volume = {Mission Lessons I}
}

@ARTICLE{Ref:Dushku12,
  author = {Matthew Dushku, Paul Mueller},
  title = {Additively Manufactured Propulsion System},
  journal = {Small Satellite Conference},
  year = {2012},
  volume = {Advanced Technologies I}
}

@ARTICLE{Ref:Martel12,
  author = {Francois Martel, et al},
  title = {Miniature Ion Electrospray Thrusters and Performance Test on CubeSats},
  journal = {Small Satellite Conference},
  year = {2012},
  volume = {Small But Mighty}
}

@ARTICLE{Ref:Zoellner12,
  author = {Andreas Zoellner, et al},
  title = {Differential Optical Shadow Sensor CubeSat Mission},
  journal = {Small Satellite Conference},
  year = {2012},
  volume = {Advanced Technologies II}
}

@ARTICLE{Ref:Rawashdeh12,
  author = {Samir Rawashdeh, et al},
  title = {A Stellar Gyroscope for Small Satellite Attitude Determination},
  journal = {Small Satellite Conference},
  year = {2012},
  volume = {Advanced Technologies II}
}

@ARTICLE{Ref:Rangsten12,
  author = {Pelle Rangsten, et al},
  title = {Advanced MEMS Components in Closed-loop Micro Propulsion Applications},
  journal = {Small Satellite Conference},
  year = {2012},
  volume = {Advanced Technologies III}
}


@ARTICLE{Ref:Sundaramoorthy10,
  author = {P.P. Sundaramoorthy, {et} {al},
  title = {Two CubeSats with Micro-Propulsion in the QB50 Satellite Network},
  journal = {Small Satellite Conference},
  year = {2010},
  volume = {Mission Enabling Technologies 1}
}

@ARTICLE{Ref:Sathiyanathan10,
  author = {Kartheephan Sathiyanathan, et al},
  title = {YUsend-1 Solid Propellant Microthruster Design, Fabrication and Testing},
  journal = {Small Satellite Conference},
  year = {2010},
  volume = {Advanced Technologies I}
}

@ARTICLE{Ref:Chang08,
  author = {Young-Keun Chang, et al},
  title = {Development of a Micro-Thruster Impulse Measurement System Using Optical Sensors},
  journal = {Small Satellite Conference},
  year = {2008},
  volume = {Advanced Technologies I}
}

@ARTICLE{Ref:Bageshwar06,
  author = {Vibhor Bageshwar, et al},
  title = {Minnesat: GPS Attitude Determination Experiments Onboard a Nanosatellite},
  journal = {Small Satellite Conference},
  year = {2006},
  volume = {University Programs}
}

@ARTICLE{Ref:Gershman06,
  author = {Daniel Gershman, et al},
  title = {A GPS-Based Attitude Determination System for Small Satellites},
  journal = {Small Satellite Conference},
  year = {2006},
  volume = {Advanced Technologies--Section 2}
}

@ARTICLE{Ref:Storck06,
  author = {William Storck, et al},
  title = {A Survey of Micropropulsion for Small Satellites},
  journal = {Small Satellite Conference},
  year = {2006},
  volume = {Advanced Technologies--Section 2}
}

@ARTICLE{Ref:Bahar06,
  author = {Mohamad Dol Bahar, et al},
  title = {Modular CMOS Horizon Sensor for Small Satellite Attitude Determination and Control Subsystem},
  journal = {Small Satellite Conference},
  year = {2006},
  volume = {Advanced Technologies--Section 2}
}

@ARTICLE{Ref:Rogers04,
  author = {Aaron Rogers, et al},
  title = {An Integrated Vision-Based System for Spacecraft Attitude and Topology Determination for Formation Flight Missions},
  journal = {Small Satellite Conference},
  year = {2004},
  volume = {Advanced Technologies Section I}
}

@ARTICLE{Ref:Rysanek02,
  author = {Filip Rysanek, et al},
  title = {Microvacuum Arc Thruster Design for a Cubesat Class Satellite},
  journal = {Small Satellite Conference},
  year = {2002},
  volume = {Existing and Near Term Missions}
}

% This file was created with JabRef 2.9.2.
% Encoding: Cp1252

@INPROCEEDINGS{Ref:Atir,
  author = {Atir, H.},
  title = {Microsatellites at Very Low Altitude},
  booktitle = {Proceedings of the AIAA/USU Conference on Small Satellites},
  year = {2006},
  volume = {Where We're Going 1},
  number = {10},
  note = {http://digitalcommons.usu.edu/smallsat/2006/all2006/10/},
  owner = {Becca},
  timestamp = {2013.09.03}
}

@INPROCEEDINGS{Ref:Blackwell,
  author = {Blackwell, W. and Allen, G. and Conrad, S. and Galbraith, C. and
	Kingsbury, R. and Leslie, R. and McKinley, P. and Osaretin, I. and
	Osborn, W. and Reid, B. and Retherford, L. and Scarito, M. and Semisch,
	C. and Shield, M. and Silver, M. and Toher, D. and Wezalis, R. and
	Wright, K. and Cahoy, K. and Miller, D. and Marinan, A. and Paek,
	S.W. and Peters, E. and Schmidt, F.H. and Alvisio, B. and Wise, E.
	and Masterson, R. and Miranda, D.F. and Erickson, N.},
  title = {Nanosatellites for Earth Environmental Monitoring: The MicroMAS Project},
  booktitle = {Proceedings of the AIAA/USU Conference on Small Satellites},
  year = {2012},
  volume = {The Horizon},
  number = {9},
  note = {http://digitalcommons.usu.edu/smallsat/2012/all2012/9/},
  owner = {Becca},
  timestamp = {2013.09.03}
}

@INPROCEEDINGS{Ref:Blalthazor,
  author = {Blalthazor, R. and HcHarg, M. and Enloe, C.L. and Wallerstein, A.
	and Wilson, K. and Rinaldi, B. and Raynor, R. and Scherliess, L.
	and Schunk, R. and Brown, R. and Barnhart, D.},
  title = {Sensitivity of Ionospheric Specifications to In Situ Plasma Density
	Observations Obtained From Electrostatic Analyzers Onboard of a Constellation
	of Small Satellites},
  booktitle = {Proceedings of the AIAA/USU Conference on Small Satellites},
  year = {2012},
  volume = {Global Missions},
  number = {30},
  note = {http://digitalcommons.usu.edu/smallsat/2012/all2012/30/},
  owner = {Becca},
  timestamp = {2013.09.03}
}

@INPROCEEDINGS{Ref:Blocker,
  author = {Blocker, A. and Litton, C. and Hall, J. and Romano, M.},
  title = {TINYSCOPE: The Feasibility of a 3-Axis Stabilized Earth Imaging CubeSat
	from LEO},
  booktitle = {Proceedings of the AIAA/USU Conference on Small Satellites},
  year = {2008},
  volume = {Thinking Outside the Box},
  number = {64},
  note = {http://digitalcommons.usu.edu/smallsat/2008/all2008/64/},
  owner = {Becca},
  timestamp = {2013.09.03}
}

@INPROCEEDINGS{Ref:Bracikowski,
  author = {Bracikowski, P. and Lynch, K.A. and Gayetsky, L.},
  title = {Low-Resource CubeSat-scale Sensorcraft for Auroral and Ionospheric
	Plasma Studies},
  booktitle = {Proceedings of the AIAA/USU Conference on Small Satellites},
  year = {2010},
  volume = {Mission Payloads},
  number = {8},
  note = {http://digitalcommons.usu.edu/smallsat/2010/all2010/8/},
  owner = {Becca},
  timestamp = {2013.09.03}
}

@INPROCEEDINGS{Ref:Cantrell,
  author = {Cantrell, J. and McCurdy, G.},
  title = {Application of Raman Spectroscopy to Small Satellites in Exploring
	Solar Bodies},
  booktitle = {Proceedings of the AIAA/USU Conference on Small Satellites},
  year = {1988},
  volume = {Experiments},
  number = {14},
  note = {http://digitalcommons.usu.edu/smallsat/1988/all1988/14/},
  owner = {Becca},
  timestamp = {2013.09.03}
}

@INPROCEEDINGS{Ref:Carlson,
  author = {Carlson, J. and Nakamura, Y.},
  title = {The Kyushu/US Experimental Satellite Tether (QUEST) Mission, a Small
	Satellite to Test and Validate Spacecraft Tether Deployment and Operations},
  booktitle = {Proceedings of the AIAA/USU Conference on Small Satellites},
  year = {2000},
  volume = {Student Missions},
  number = {47},
  note = {http://digitalcommons.usu.edu/smallsat/2000/all2000/47/},
  owner = {Becca},
  timestamp = {2013.09.03}
}

@INPROCEEDINGS{Ref:Carroll,
  author = {Carroll, K. and Hildebrand, A. and Balam, D. and Matthews, J.},
  title = {NESS: Using a Microsatellite to Search For and Track Satellites and
	Asteroids},
  booktitle = {Proceedings of the AIAA/USU Conference on Small Satellites},
  year = {2000},
  volume = {New Mission Concepts},
  number = {9},
  note = {http://digitalcommons.usu.edu/smallsat/2000/all2000/9/},
  owner = {Becca},
  timestamp = {2013.09.03}
}

@INPROCEEDINGS{Ref:Carroll2,
  author = {Carroll, K. and Zee, R. and Matthews, J.},
  title = {The MOST Microsatellite Mission: Canada's First Space Telescope},
  booktitle = {Proceedings of the AIAA/USU Conference on Small Satellites},
  year = {1998},
  volume = {New Mission Concepts},
  number = {36},
  note = {http://digitalcommons.usu.edu/smallsat/1998/all1998/36/},
  owner = {Becca},
  timestamp = {2013.09.03}
}

@INPROCEEDINGS{Ref:Clarke,
  author = {Clarke, D. and Hicks, M. and Fitzgerald, A. and Suchman, J. and Twiggs,
	R. and Randolf, J. and Kenny, T.},
  title = {Picosat Free Flying Magnetometer Experiment},
  booktitle = {Proceedings of the AIAA/USU Conference on Small Satellites},
  year = {1996},
  volume = {New Mission Concepts I},
  number = {12},
  note = {http://digitalcommons.usu.edu/smallsat/1996/all1996/12/},
  owner = {Becca},
  timestamp = {2013.09.03}
}

@INPROCEEDINGS{Ref:Crowley,
  author = {Crowley, G. and Fish, C. and Swenson, C. and Burt, R, and Neilsen,
	T. and Barjatya, A.and Bust, G. and Larsen, M.},
  title = {Dynamic Ionospheric Cubesat Experiment (DICE)},
  booktitle = {Proceedings of the AIAA/USU Conference on Small Satellites},
  year = {2010},
  volume = {Tidbits},
  number = {21},
  note = {http://digitalcommons.usu.edu/smallsat/2010/all2010/21/},
  owner = {Becca},
  timestamp = {2013.09.03}
}

@INPROCEEDINGS{Ref:Curiel,
  author = {Curiel, A.S. and Carrel, A. and Cawthorne, A. and Gomes, L. and Sweeting,
	M. and Chizea, F.},
  title = {Commissioning of the NigeriaSat-2 High Resolution Imaging Mission},
  booktitle = {Proceedings of the AIAA/USU Conference on Small Satellites},
  year = {2012},
  volume = {Mission Lessons 2},
  number = {86},
  note = {http://digitalcommons.usu.edu/smallsat/2012/all2012/86/},
  owner = {Becca},
  timestamp = {2013.09.03}
}

@INPROCEEDINGS{Ref:Daniel,
  author = {Daniel, W.},
  title = {Design of a Small Satellite for Use in Astronautics Education},
  booktitle = {Proceedings of the AIAA/USU Conference on Small Satellites},
  year = {1988},
  volume = {Systems, Buses},
  number = {13},
  note = {http://digitalcommons.usu.edu/smallsat/1988/all1988/13/},
  owner = {Becca},
  timestamp = {2013.09.03}
}

@INPROCEEDINGS{Ref:Davies,
  author = {Davies, P. and Whittaker, P. and Bird, R. and Gomes, L. and Stern,
	B. and Sweeting, M. and Cohen, M. and Hall, D.},
  title = {NovaSAR: Bringing Radar Capability to the Disaster Monitoring Constellation},
  booktitle = {Proceedings of the AIAA/USU Conference on Small Satellites},
  year = {2012},
  volume = {The Horizon},
  number = {14},
  note = {http://digitalcommons.usu.edu/smallsat/2012/all2012/14/},
  owner = {Becca},
  timestamp = {2013.09.03}
}

@INPROCEEDINGS{Ref:Dill,
  author = {Dill, B. and Fleeter, R. and Warner, R. and Martel, F. and Ricker,
	G.},
  title = {The Space System for the High Energy Transient Experiment},
  booktitle = {Proceedings of the AIAA/USU Conference on Small Satellites},
  year = {1992},
  volume = {New Missions and Applications/ Civil},
  number = {9},
  note = {http://digitalcommons.usu.edu/smallsat/1992/all1992/9/},
  owner = {Becca},
  timestamp = {2013.09.03}
}

@INPROCEEDINGS{Ref:Fish,
  author = {Fish, C. and Swenson, C. and Neilsen, T. and Bingham, B. and Gunther,
	J. and Stromberg, E. and Burr, S. and Burt, R. and Whitely, M. and
	Crowley, G. and Azeem, I. and Pilinski, M. and Barjatya, A. and Petersen,
	J.},
  title = {DICE Mission Design, Development, and Implementation: Success and
	Challenges},
  booktitle = {Proceedings of the AIAA/USU Conference on Small Satellites},
  year = {2012},
  volume = {Mission Lessons II},
  number = {81},
  note = {http://digitalcommons.usu.edu/smallsat/2012/all2012/81/},
  owner = {Becca},
  timestamp = {2013.09.03}
}

@INPROCEEDINGS{Ref:Fox,
  author = {Fox, P. and James, K. and Thompson, A.},
  title = {WiSAR: A New Solution for High-Performance, Smallsat-Based Synthetic
	Aperture Radar Missions},
  booktitle = {Proceedings of the AIAA/USU Conference on Small Satellites},
  year = {2008},
  volume = {Mission Payloads},
  number = {31},
  note = {http://digitalcommons.usu.edu/smallsat/2008/all2008/31/},
  owner = {Becca},
  timestamp = {2013.09.03}
}

@INPROCEEDINGS{Ref:Guerrero,
  author = {Guerrero, J. and Manash, J. and Russell, M. and Stone, S. and Towles,
	D.},
  title = {How Can Small Satellites be used to Support Orbital Debris Removal
	Goals Instead of Increasing the Problem?},
  booktitle = {Proceedings of the AIAA/USU Conference on Small Satellites},
  year = {2010},
  volume = {Around the Corner},
  number = {14},
  note = {http://digitalcommons.usu.edu/smallsat/2010/all2010/14/},
  owner = {Becca},
  timestamp = {2013.09.03}
}

@INPROCEEDINGS{Ref:Harrison,
  author = {Harrison, T. and Wahl, Z. and Kennison, S.},
  title = {NanoObservatory: Earth Imaging for Everyone},
  booktitle = {Proceedings of the AIAA/USU Conference on Small Satellites},
  year = {2002},
  volume = {Bold New Missions Using Breakthrough Technologies},
  number = {18},
  note = {http://digitalcommons.usu.edu/smallsat/2002/all2002/18/},
  owner = {Becca},
  timestamp = {2013.09.03}
}

@INPROCEEDINGS{Ref:Herscovitz,
  author = {Herscovitz, J. and Karnieli, A.},
  title = {VENUS Program: Broad and New Horizons for Super-Spectral Imaging
	and Electric Propulsion Missions for a Small Satellite},
  booktitle = {Proceedings of the AIAA/USU Conference on Small Satellites},
  year = {2008},
  volume = {Coming Attractions},
  number = {14},
  note = {http://digitalcommons.usu.edu/smallsat/2008/all2008/14/},
  owner = {Becca},
  timestamp = {2013.09.03}
}

@INPROCEEDINGS{Ref:Jason,
  author = {Jason, S., and da Silva Curiel, A., and Sweeting, M., and Pulinets,
	S.},
  title = {Earthquake Forecast Science Research with a Small Satellite},
  booktitle = {Proceedings of the AIAA/USU Conference on Small Satellites},
  year = {2002},
  volume = {Science and Exploration},
  number = {54},
  note = {http://digitalcommons.usu.edu/smallsat/2002/all2002/54/},
  owner = {Becca},
  timestamp = {2013.09.03}
}

@INPROCEEDINGS{Ref:Kalman,
  author = {Kalman, A. and Reif, A. and Berkenstock, D. and Mann, J. and Cutler,
	J.},
  title = {MISC: A Novel Approach to Low-Cost Imaging Satellites},
  booktitle = {Proceedings of the AIAA/USU Conference on Small Satellites},
  year = {2008},
  volume = {Thinking Outside the Box},
  number = {63},
  note = {http://digitalcommons.usu.edu/smallsat/2008/all2008/63/},
  owner = {Becca},
  timestamp = {2013.09.03}
}

@INPROCEEDINGS{Ref:Kim,
  author = {Kim, S. and Eishima, R. and Miyashita, N. and Nojiri, Y. and Nakamura,
	Y.},
  title = {WNISAT - Nanosatellite for North Arctic Routes and Atmosphere Monitoring},
  booktitle = {Proceedings of the AIAA/USU Conference on Small Satellites},
  year = {2010},
  volume = {Around the Corner},
  number = {13},
  note = {http://digitalcommons.usu.edu/smallsat/2010/all2010/13/},
  owner = {Becca},
  timestamp = {2013.09.03}
}

@INPROCEEDINGS{Ref:Kitts,
  author = {Kitts, C.},
  title = {A Small/Micro-/Pico- Satellite Program for Investigating Thunderstorm-related
	Atmospheric Phenomena},
  booktitle = {Proceedings of the AIAA/USU Conference on Small Satellites},
  year = {2002},
  volume = {University Student Competition},
  number = {37},
  note = {http://digitalcommons.usu.edu/smallsat/1998/all1998/37/},
  owner = {Becca},
  timestamp = {2013.09.03}
}

@INPROCEEDINGS{Ref:Krause,
  author = {Krause, L. and Enloe, C.L. and Haaland, R.},
  title = {Target of Opportunity Multipoint in Situ Measurements with Falconsat-2},
  booktitle = {Proceedings of the AIAA/USU Conference on Small Satellites},
  year = {2002},
  volume = {Science and Exploration},
  number = {50},
  note = {http://digitalcommons.usu.edu/smallsat/2002/all2002/50/},
  owner = {Becca},
  timestamp = {2013.09.03}
}

@TECHREPORT{Ref:Lawson07,
  author = {P. R. Lawson and O. P. Lay and K. J. Johnston and C. A. Beichman},
  title = {Terrestrial Planet Finder Interferometer Science Working Group Report},
  institution = {Jet Propulsion Laboratory, National Aeronautics and Space Administration},
  year = {2007},
  address = {Pasadena, California},
  owner = {Saptarshi},
  timestamp = {2013.08.28}
}

@INPROCEEDINGS{Ref:Lay03,
  author = {O. P. Lay and G. H. Blackwood},
  title = {Formation flying interferometry},
  booktitle = {Proceedings of the SPIE -- The International Society for Optical
	Engineering},
  year = {2003},
  volume = {4852},
  pages = {481--491},
  owner = {Saptarshi},
  timestamp = {2013.08.28}
}

@INPROCEEDINGS{Ref:Leitch,
  author = {Leitch, R. and Hemphill, I.},
  title = {Sapphire: A Small Satellite System for the Surveillance of Space},
  booktitle = {Proceedings of the AIAA/USU Conference on Small Satellites},
  year = {2010},
  volume = {Around the Corner},
  number = {11},
  note = {http://digitalcommons.usu.edu/smallsat/2010/all2010/11/},
  owner = {Becca},
  timestamp = {2013.09.03}
}

@INPROCEEDINGS{Ref:Lowe,
  author = {Lowe, C. and Macdonald, M. and Greenland, S. and Mckee, D.},
  title = {Charybdis:The Next Generation in Ocean Colour and Biogeochemical
	Remote Sensing},
  booktitle = {Proceedings of the AIAA/USU Conference on Small Satellites},
  year = {2012},
  volume = {Global Missions},
  number = {35},
  note = {http://digitalcommons.usu.edu/smallsat/2012/all2012/35/},
  owner = {Becca},
  timestamp = {2013.09.03}
}

@INPROCEEDINGS{Ref:Mazzoleni,
  author = {Mazzoleni, A. and Hoffman, J.},
  title = {A Small-Satellite Demonstrator for Generating Artificial Gravity
	in Space via a Tethered System},
  booktitle = {Proceedings of the AIAA/USU Conference on Small Satellites},
  year = {2002},
  volume = {Bold New Missions Using "Breakthrough Technologies" II},
  number = {14},
  note = {http://digitalcommons.usu.edu/smallsat/2002/all2002/14/},
  owner = {Becca},
  timestamp = {2013.09.03}
}

@ARTICLE{Ref:Morgan12,
  author = {D. Morgan and S.-J. Chung and L. Blackmore and B. Acikmese and D.
	Bayard and F. Y. Hadaegh},
  title = {Swarm-Keeping Strategies for Spacecraft under {J2} and Atmospheric
	Drag Perturbations},
  journal = {J. Guidance, Control, and Dynamics},
  year = {2012},
  volume = {35},
  pages = {1492 -- 1506},
  number = {5}
}

@INPROCEEDINGS{Ref:Murthy,
  author = {Murthy, R. and Thyagarajan, K.},
  title = {Micro Satellite Bus for Stand-alone Earth Imaging / Space Science
	Payloads},
  booktitle = {Proceedings of the AIAA/USU Conference on Small Satellites},
  year = {2006},
  volume = {The Past and Coming Years},
  number = {35},
  note = {http://digitalcommons.usu.edu/smallsat/2006/all2006/35/},
  owner = {Becca},
  timestamp = {2013.09.03}
}

@INPROCEEDINGS{Ref:Nicholas,
  author = {Nicholas, A. and Finne, T. and Galysh, I. and Kline, E. and Whiteley,
	M. and Fish, C. and Allen, W. and Grover, S. and Peterson, J. and
	Bingham, B.},
  title = {DISC Experiment Overview and On-Orbit Performance Results},
  booktitle = {Proceedings of the AIAA/USU Conference on Small Satellites},
  year = {2012},
  volume = {Lessons Learned II},
  number = {87},
  note = {http://digitalcommons.usu.edu/smallsat/2012/all2012/87/},
  owner = {Becca},
  timestamp = {2013.09.03}
}

@INPROCEEDINGS{Ref:Palo,
  author = {Palo, S. and Li, X, and Gerhardt, D. and Turner, D. and Kohnert,
	R. and Hoxie, V. and Batiste, S.},
  title = {Conducting Science with a CubeSat: The Colorado Student Space Weather
	Experiment},
  booktitle = {Proceedings of the AIAA/USU Conference on Small Satellites},
  year = {2010},
  volume = {The Next Generation},
  number = {77},
  note = {http://digitalcommons.usu.edu/smallsat/2010/all2010/77/},
  owner = {Becca},
  timestamp = {2013.09.03}
}

@INPROCEEDINGS{Ref:Peterson,
  author = {Peterson, E. and Zee, R. and Fotopoulos, G.},
  title = {Possible Orbit Scenarios for an InSAR Formation Flying Microsatellite
	Mission},
  booktitle = {Proceedings of the AIAA/USU Conference on Small Satellites},
  year = {2008},
  volume = {Mission Payloads},
  number = {35},
  note = {http://digitalcommons.usu.edu/smallsat/2008/all2008/35/},
  owner = {Becca},
  timestamp = {2013.09.03}
}

@INPROCEEDINGS{Ref:Redd,
  author = {Redd, F.J. and Olsen, T.A.},
  title = {Microspacecraft and Earth Observation: The Electrical Field (ELF)
	Measurement Project},
  booktitle = {Proceedings of the AIAA/USU Conference on Small Satellites},
  year = {1990},
  volume = {New Mission Concepts},
  number = {44},
  note = {http://digitalcommons.usu.edu/smallsat/1990/all1990/44/},
  owner = {Becca},
  timestamp = {2013.09.03}
}

@INPROCEEDINGS{Ref:Tolkachev,
  author = {Tolkachev, A.A. and Zolotarev, M.M. and Loukiaschenko, V.I. and Raikunov,
	G.G. and Yaremenko, A.I.},
  title = {Space Based Radar To Observe Space Debris},
  booktitle = {Proceedings of the AIAA/USU Conference on Small Satellites},
  year = {1998},
  volume = {Smart Mission Design and Risk Mitigation},
  number = {67},
  note = {http://digitalcommons.usu.edu/smallsat/1998/all1998/67/},
  owner = {Becca},
  timestamp = {2013.09.03}
}

% This file was created with JabRef 2.9.2.
% Encoding: Cp1252

@CONFERENCE{Shumway,
  author = {Andrew Shumway, et al},
  title = {Digital Imaging Space Camera (DISC) Design and Testing},
  booktitle = {21st Annual Conference on Small Satellites},
  year = {2007},
  owner = {Dave},
  timestamp = {2013.09.07}
}

@CONFERENCE{Lemke,
  author = {B. Johnston-Lemke, et al},
  title = {Arc-Minute Attitude Stability on a Nanotsatellite: Enabling Stellar
	Photometry on the Smallest Scale},
  booktitle = {25th Annual Conference on Small Satellites},
  year = {2011},
  owner = {Dave},
  timestamp = {2013.09.07}
}

@CONFERENCE{Seng,
  author = {Bill Seng, et al},
  title = {The AeroAstro Fast-Angular-Rate Miniature Star Tracker: Algorithms
	and Simulation Results},
  booktitle = {19th Annual Conference on Small Satellites},
  year = {2005},
  owner = {Dave},
  timestamp = {2013.09.07}
}

@CONFERENCE{Clark,
  author = {Craig Clark, et al},
  title = {An Off-the-shelf Electric Propulsion System for CubeSats},
  booktitle = {25th Annual Conference on Small Satellites},
  year = {2011},
  owner = {Dave},
  timestamp = {2013.09.07}
}

@CONFERENCE{Sanders,
  author = {Devon Sanders, et al},
  title = {Pushing the Limits of Cubesat Attitude Control: A Ground Demonstration},
  booktitle = {27th Annual AIAA/USU Conference on Small Satellites},
  year = {2013},
  owner = {Dave},
  timestamp = {2013.09.07}
}

@CONFERENCE{Spence,
  author = {Douglas Spence, et al},
  title = {Electrospray Propulsion Systems for Small Satellites},
  booktitle = {27th Annual AIAA/USU Conference on Small Satellites},
  year = {2013},
  owner = {Dave},
  timestamp = {2013.09.07}
}

@CONFERENCE{Sinclair2,
  author = {Doug Sinclair, C. Cordell Grant, and Robert Zee},
  title = {Enabling Reaction Wheel Technology for High Performance Nanosatellite
	Attitude Control},
  booktitle = {21st Annual Conference on Small Satellites},
  year = {2007},
  owner = {Dave},
  timestamp = {2013.09.07}
}

@CONFERENCE{Enright2,
  author = {John Enright and Doug Sinclair},
  title = {Algorithm Enhancements for the SS-411 Digital Sun Sensor},
  booktitle = {21st Annual Conference on Small Satellites},
  year = {2007},
  owner = {Dave},
  timestamp = {2013.09.07}
}

@CONFERENCE{Bonin,
  author = {Grant Bonin, et al},
  title = {The Torque Rudder: A Novel Semi-Passive Actuator for Small Spacecraft
	Attitude Control},
  booktitle = {27th Annual AIAA/USU Conference on Small Satellites},
  year = {2013},
  owner = {Dave},
  timestamp = {2013.09.07}
}

@CONFERENCE{Saito,
  author = {Hirobumi Saito, et al},
  title = {Miniature Space GPS Receiver by means of Automobile-Navigation Technology},
  booktitle = {21st Annual Conference on Small Satellites},
  year = {2007},
  owner = {Dave},
  timestamp = {2013.09.07}
}

@CONFERENCE{Enright,
  author = {John Enright, Doug Sinclair, and Christy Fernando},
  title = {COTS Detectors for Nanosatellite Star Trackers: A Case Study},
  booktitle = {25th Annual Conference on Small Satellites},
  year = {2011},
  owner = {Dave},
  timestamp = {2013.09.07}
}

@CONFERENCE{Gangestad,
  author = {Joseph W. Gangestad, Brian S. Hardy, and David A. Hinkley},
  title = {Operations, Orbit Determination, and Formation Control of the AeroCube-4
	CubeSats.},
  booktitle = {27th Annual AIAA/USU Conference on Small Satellites},
  year = {2013},
  owner = {Dave},
  timestamp = {2013.09.07}
}

@CONFERENCE{Yoshihara,
  author = {Keisuke Yoshihara, et al},
  title = {Micro Sun Sensor with CMOS Imager for Small Satellite Attitude Control},
  booktitle = {19th Annual Conference on Small Satellites},
  year = {2005},
  owner = {Dave},
  timestamp = {2013.09.07}
}

@CONFERENCE{Tuchin,
  author = {Maksim Tuchin, et al},
  title = {On Random and Systematic Errors of a Star Tracker},
  booktitle = {27th Annual AIAA/USU Conference on Small Satellites},
  year = {2013},
  owner = {Dave},
  timestamp = {2013.09.07}
}

@CONFERENCE{Aherne,
  author = {Michael Aherne, et al},
  title = {Aeneas -- Colony I meets Three-Axis Pointing},
  booktitle = {25th Annual Conference on Small Satellites},
  year = {2011},
  owner = {Dave},
  timestamp = {2013.09.07}
}

@CONFERENCE{Smail,
  author = {Samia Smail, et al},
  title = {Autonomous Pose Estimations for In-Orbit Self-Assembly of Intelligent
	Self-Powered Modules},
  booktitle = {23rd Annual Conference on Small Satellites},
  year = {2009},
  owner = {Dave},
  timestamp = {2013.09.07}
}

@CONFERENCE{Palo,
  author = {Scott Palo, George Stafford, and Alan Hoskins},
  title = {An Agile Multi-use Nano Star Camera for Constellation Applications},
  booktitle = {27th Annual AIAA/USU Conference on Small Satellites},
  year = {2013},
  owner = {Dave},
  timestamp = {2013.09.07}
}

@CONFERENCE{Seddon,
  author = {Jon Seddon and Alexandre Pechev},
  title = {3Dwheel: 3-Axis Low Noise, High-Bandwidth Attitude Actuation from
	a Single Momentum Wheel Using Magnetic Bearings},
  booktitle = {23rd Annual Conference on Small Satellites},
  year = {2009},
  owner = {Dave},
  timestamp = {2013.09.07}
}

@CONFERENCE{Sinclair,
  author = {Doug Sinclair and Jonathan Dyer},
  title = {Radiation Effects and COTS Parts in SmallSats},
  booktitle = {27th Annual AIAA/USU Conference on Small Satellites},
  year = {2013},
  owner = {Dave},
  timestamp = {2013.09.07}
}

@CONFERENCE{Theil,
  author = {Stephan Theil, Pontus Appel, and Alexander Schleicher},
  title = {Low Cost, Good Accuracy - Attitude Determination using Magnetometer
	and Simple Sun Sensor},
  booktitle = {17th Annual Conference on Small Satellites},
  year = {2003},
  owner = {Dave},
  timestamp = {2013.09.07}
}

@CONFERENCE{Segert,
  author = {Tom Segert, et al},
  title = {Development of the Pico Star Tracker ST-200 - Design Challenges and
	Road Ahead},
  booktitle = {25th Annual Conference on Small Satellites},
  year = {2011},
  owner = {Dave},
  timestamp = {2013.09.07}
}

@CONFERENCE{Tsuda,
  author = {Yuichi Tsuda, Takanao Saiki, and Yuya Mimasu},
  title = {Realization of Minimal Attitude Determination System for Small Spinner
	Spacecraft IKAROS},
  booktitle = {27th Annual AIAA/USU Conference on Small Satellites},
  year = {2013},
  owner = {Dave},
  timestamp = {2013.09.07}
}

@CONFERENCE{Zackrisson,
  author = {Jan Zackrisson and Mikael Ohgren},
  title = {GNSS Receive Antennas on Satellites for Precision Orbit Determination},
  booktitle = {25th Annual Conference on Small Satellites},
  year = {2011},
  owner = {Dave},
  timestamp = {2013.09.07}
}

@CONFERENCE{Zenick,
  author = {Ray Zenick and Thomas McGuire},
  title = {Lightweight, Low-Power Coarse Star Tracker},
  booktitle = {17th Annual Conference on Small Satellites},
  year = {2003},
  owner = {Dave},
  timestamp = {2013.09.07}
}



