% This file was created with JabRef 2.9.2.
% Encoding: Cp1252

@INPROCEEDINGS{Ref:Atir,
  author = {Atir, H.},
  title = {Microsatellites at Very Low Altitude},
  booktitle = {Proceedings of the AIAA/USU Conference on Small Satellites},
  year = {2006},
  volume = {Where We're Going 1},
  number = {10},
  note = {http://digitalcommons.usu.edu/smallsat/2006/all2006/10/},
  owner = {Becca},
  timestamp = {2013.09.03}
}

@INPROCEEDINGS{Ref:Blackwell,
  author = {Blackwell, W. and Allen, G. and Conrad, S. and Galbraith, C. and
	Kingsbury, R. and Leslie, R. and McKinley, P. and Osaretin, I. and
	Osborn, W. and Reid, B. and Retherford, L. and Scarito, M. and Semisch,
	C. and Shield, M. and Silver, M. and Toher, D. and Wezalis, R. and
	Wright, K. and Cahoy, K. and Miller, D. and Marinan, A. and Paek,
	S.W. and Peters, E. and Schmidt, F.H. and Alvisio, B. and Wise, E.
	and Masterson, R. and Miranda, D.F. and Erickson, N.},
  title = {Nanosatellites for Earth Environmental Monitoring: The MicroMAS Project},
  booktitle = {Proceedings of the AIAA/USU Conference on Small Satellites},
  year = {2012},
  volume = {The Horizon},
  number = {9},
  note = {http://digitalcommons.usu.edu/smallsat/2012/all2012/9/},
  owner = {Becca},
  timestamp = {2013.09.03}
}

@INPROCEEDINGS{Ref:Blalthazor,
  author = {Blalthazor, R. and HcHarg, M. and Enloe, C.L. and Wallerstein, A.
	and Wilson, K. and Rinaldi, B. and Raynor, R. and Scherliess, L.
	and Schunk, R. and Brown, R. and Barnhart, D.},
  title = {Sensitivity of Ionospheric Specifications to In Situ Plasma Density
	Observations Obtained From Electrostatic Analyzers Onboard of a Constellation
	of Small Satellites},
  booktitle = {Proceedings of the AIAA/USU Conference on Small Satellites},
  year = {2012},
  volume = {Global Missions},
  number = {30},
  note = {http://digitalcommons.usu.edu/smallsat/2012/all2012/30/},
  owner = {Becca},
  timestamp = {2013.09.03}
}

@INPROCEEDINGS{Ref:Blocker,
  author = {Blocker, A. and Litton, C. and Hall, J. and Romano, M.},
  title = {TINYSCOPE: The Feasibility of a 3-Axis Stabilized Earth Imaging CubeSat
	from LEO},
  booktitle = {Proceedings of the AIAA/USU Conference on Small Satellites},
  year = {2008},
  volume = {Thinking Outside the Box},
  number = {64},
  note = {http://digitalcommons.usu.edu/smallsat/2008/all2008/64/},
  owner = {Becca},
  timestamp = {2013.09.03}
}

@INPROCEEDINGS{Ref:Bracikowski,
  author = {Bracikowski, P. and Lynch, K.A. and Gayetsky, L.},
  title = {Low-Resource CubeSat-scale Sensorcraft for Auroral and Ionospheric
	Plasma Studies},
  booktitle = {Proceedings of the AIAA/USU Conference on Small Satellites},
  year = {2010},
  volume = {Mission Payloads},
  number = {8},
  note = {http://digitalcommons.usu.edu/smallsat/2010/all2010/8/},
  owner = {Becca},
  timestamp = {2013.09.03}
}

@INPROCEEDINGS{Ref:Cantrell,
  author = {Cantrell, J. and McCurdy, G.},
  title = {Application of Raman Spectroscopy to Small Satellites in Exploring
	Solar Bodies},
  booktitle = {Proceedings of the AIAA/USU Conference on Small Satellites},
  year = {1988},
  volume = {Experiments},
  number = {14},
  note = {http://digitalcommons.usu.edu/smallsat/1988/all1988/14/},
  owner = {Becca},
  timestamp = {2013.09.03}
}

@INPROCEEDINGS{Ref:Carlson,
  author = {Carlson, J. and Nakamura, Y.},
  title = {The Kyushu/US Experimental Satellite Tether (QUEST) Mission, a Small
	Satellite to Test and Validate Spacecraft Tether Deployment and Operations},
  booktitle = {Proceedings of the AIAA/USU Conference on Small Satellites},
  year = {2000},
  volume = {Student Missions},
  number = {47},
  note = {http://digitalcommons.usu.edu/smallsat/2000/all2000/47/},
  owner = {Becca},
  timestamp = {2013.09.03}
}

@INPROCEEDINGS{Ref:Carroll,
  author = {Carroll, K. and Hildebrand, A. and Balam, D. and Matthews, J.},
  title = {NESS: Using a Microsatellite to Search For and Track Satellites and
	Asteroids},
  booktitle = {Proceedings of the AIAA/USU Conference on Small Satellites},
  year = {2000},
  volume = {New Mission Concepts},
  number = {9},
  note = {http://digitalcommons.usu.edu/smallsat/2000/all2000/9/},
  owner = {Becca},
  timestamp = {2013.09.03}
}

@INPROCEEDINGS{Ref:Carroll2,
  author = {Carroll, K. and Zee, R. and Matthews, J.},
  title = {The MOST Microsatellite Mission: Canada's First Space Telescope},
  booktitle = {Proceedings of the AIAA/USU Conference on Small Satellites},
  year = {1998},
  volume = {New Mission Concepts},
  number = {36},
  note = {http://digitalcommons.usu.edu/smallsat/1998/all1998/36/},
  owner = {Becca},
  timestamp = {2013.09.03}
}

@ELECTRONIC{Ref:Earthquake,
  author = {Stanford Solar Center},
  year = {2008},
  title = {VLF Waves, The Ionosphere, and Earthquakes},
  url = {http://solar-center.stanford.edu/SID/educators/earthquakes.html},
  owner = {Becca},
  timestamp = {2013.09.15}
}

@INPROCEEDINGS{Ref:Clarke,
  author = {Clarke, D. and Hicks, M. and Fitzgerald, A. and Suchman, J. and Twiggs,
	R. and Randolf, J. and Kenny, T.},
  title = {Picosat Free Flying Magnetometer Experiment},
  booktitle = {Proceedings of the AIAA/USU Conference on Small Satellites},
  year = {1996},
  volume = {New Mission Concepts I},
  number = {12},
  note = {http://digitalcommons.usu.edu/smallsat/1996/all1996/12/},
  owner = {Becca},
  timestamp = {2013.09.03}
}

@INPROCEEDINGS{Ref:Crowley,
  author = {Crowley, G. and Fish, C. and Swenson, C. and Burt, R, and Neilsen,
	T. and Barjatya, A.and Bust, G. and Larsen, M.},
  title = {Dynamic Ionospheric Cubesat Experiment (DICE)},
  booktitle = {Proceedings of the AIAA/USU Conference on Small Satellites},
  year = {2010},
  volume = {Tidbits},
  number = {21},
  note = {http://digitalcommons.usu.edu/smallsat/2010/all2010/21/},
  owner = {Becca},
  timestamp = {2013.09.03}
}

@INPROCEEDINGS{Ref:Curiel,
  author = {Curiel, A.S. and Carrel, A. and Cawthorne, A. and Gomes, L. and Sweeting,
	M. and Chizea, F.},
  title = {Commissioning of the NigeriaSat-2 High Resolution Imaging Mission},
  booktitle = {Proceedings of the AIAA/USU Conference on Small Satellites},
  year = {2012},
  volume = {Mission Lessons 2},
  number = {86},
  note = {http://digitalcommons.usu.edu/smallsat/2012/all2012/86/},
  owner = {Becca},
  timestamp = {2013.09.03}
}

@INPROCEEDINGS{Ref:Daniel,
  author = {Daniel, W.},
  title = {Design of a Small Satellite for Use in Astronautics Education},
  booktitle = {Proceedings of the AIAA/USU Conference on Small Satellites},
  year = {1988},
  volume = {Systems, Buses},
  number = {13},
  note = {http://digitalcommons.usu.edu/smallsat/1988/all1988/13/},
  owner = {Becca},
  timestamp = {2013.09.03}
}

@INPROCEEDINGS{Ref:Davies,
  author = {Davies, P. and Whittaker, P. and Bird, R. and Gomes, L. and Stern,
	B. and Sweeting, M. and Cohen, M. and Hall, D.},
  title = {NovaSAR: Bringing Radar Capability to the Disaster Monitoring Constellation},
  booktitle = {Proceedings of the AIAA/USU Conference on Small Satellites},
  year = {2012},
  volume = {The Horizon},
  number = {14},
  note = {http://digitalcommons.usu.edu/smallsat/2012/all2012/14/},
  owner = {Becca},
  timestamp = {2013.09.03}
}

@INPROCEEDINGS{Ref:Dill,
  author = {Dill, B. and Fleeter, R. and Warner, R. and Martel, F. and Ricker,
	G.},
  title = {The Space System for the High Energy Transient Experiment},
  booktitle = {Proceedings of the AIAA/USU Conference on Small Satellites},
  year = {1992},
  volume = {New Missions and Applications/ Civil},
  number = {9},
  note = {http://digitalcommons.usu.edu/smallsat/1992/all1992/9/},
  owner = {Becca},
  timestamp = {2013.09.03}
}

@ARTICLE{Ref:ElecMap,
  author = {Fioria,R.A.D. and Botelera, D.H. and Knudsenb, D. and Burchillb,
	J. and Koustovc, A.V. and Cousinsd, E.D.P. and Blais, C.},
  title = {Potential impact of Swarm electric field data on global 2D convection
	mapping in combination with SuperDARN radar data},
  journal = {Journal of Atmospheric and Solar-Terrestrial Physics},
  year = {2013},
  volume = {93},
  pages = {87-99},
  owner = {Becca},
  timestamp = {2013.09.15}
}

@INPROCEEDINGS{Ref:Fish,
  author = {Fish, C. and Swenson, C. and Neilsen, T. and Bingham, B. and Gunther,
	J. and Stromberg, E. and Burr, S. and Burt, R. and Whitely, M. and
	Crowley, G. and Azeem, I. and Pilinski, M. and Barjatya, A. and Petersen,
	J.},
  title = {DICE Mission Design, Development, and Implementation: Success and
	Challenges},
  booktitle = {Proceedings of the AIAA/USU Conference on Small Satellites},
  year = {2012},
  volume = {Mission Lessons II},
  number = {81},
  note = {http://digitalcommons.usu.edu/smallsat/2012/all2012/81/},
  owner = {Becca},
  timestamp = {2013.09.03}
}

@INPROCEEDINGS{Ref:Fox,
  author = {Fox, P. and James, K. and Thompson, A.},
  title = {WiSAR: A New Solution for High-Performance, Smallsat-Based Synthetic
	Aperture Radar Missions},
  booktitle = {Proceedings of the AIAA/USU Conference on Small Satellites},
  year = {2008},
  volume = {Mission Payloads},
  number = {31},
  note = {http://digitalcommons.usu.edu/smallsat/2008/all2008/31/},
  owner = {Becca},
  timestamp = {2013.09.03}
}

@INPROCEEDINGS{Ref:Guerrero,
  author = {Guerrero, J. and Manash, J. and Russell, M. and Stone, S. and Towles,
	D.},
  title = {How Can Small Satellites be used to Support Orbital Debris Removal
	Goals Instead of Increasing the Problem?},
  booktitle = {Proceedings of the AIAA/USU Conference on Small Satellites},
  year = {2010},
  volume = {Around the Corner},
  number = {14},
  note = {http://digitalcommons.usu.edu/smallsat/2010/all2010/14/},
  owner = {Becca},
  timestamp = {2013.09.03}
}

@INPROCEEDINGS{Ref:Harrison,
  author = {Harrison, T. and Wahl, Z. and Kennison, S.},
  title = {NanoObservatory: Earth Imaging for Everyone},
  booktitle = {Proceedings of the AIAA/USU Conference on Small Satellites},
  year = {2002},
  volume = {Bold New Missions Using Breakthrough Technologies},
  number = {18},
  note = {http://digitalcommons.usu.edu/smallsat/2002/all2002/18/},
  owner = {Becca},
  timestamp = {2013.09.03}
}

@INPROCEEDINGS{Ref:Herscovitz,
  author = {Herscovitz, J. and Karnieli, A.},
  title = {VENUS Program: Broad and New Horizons for Super-Spectral Imaging
	and Electric Propulsion Missions for a Small Satellite},
  booktitle = {Proceedings of the AIAA/USU Conference on Small Satellites},
  year = {2008},
  volume = {Coming Attractions},
  number = {14},
  note = {http://digitalcommons.usu.edu/smallsat/2008/all2008/14/},
  owner = {Becca},
  timestamp = {2013.09.03}
}

@INPROCEEDINGS{Ref:Jason,
  author = {Jason, S., and da Silva Curiel, A., and Sweeting, M., and Pulinets,
	S.},
  title = {Earthquake Forecast Science Research with a Small Satellite},
  booktitle = {Proceedings of the AIAA/USU Conference on Small Satellites},
  year = {2002},
  volume = {Science and Exploration},
  number = {54},
  note = {http://digitalcommons.usu.edu/smallsat/2002/all2002/54/},
  owner = {Becca},
  timestamp = {2013.09.03}
}

@INPROCEEDINGS{Ref:Kalman,
  author = {Kalman, A. and Reif, A. and Berkenstock, D. and Mann, J. and Cutler,
	J.},
  title = {MISC: A Novel Approach to Low-Cost Imaging Satellites},
  booktitle = {Proceedings of the AIAA/USU Conference on Small Satellites},
  year = {2008},
  volume = {Thinking Outside the Box},
  number = {63},
  note = {http://digitalcommons.usu.edu/smallsat/2008/all2008/63/},
  owner = {Becca},
  timestamp = {2013.09.03}
}

@INPROCEEDINGS{Ref:Kim,
  author = {Kim, S. and Eishima, R. and Miyashita, N. and Nojiri, Y. and Nakamura,
	Y.},
  title = {WNISAT - Nanosatellite for North Arctic Routes and Atmosphere Monitoring},
  booktitle = {Proceedings of the AIAA/USU Conference on Small Satellites},
  year = {2010},
  volume = {Around the Corner},
  number = {13},
  note = {http://digitalcommons.usu.edu/smallsat/2010/all2010/13/},
  owner = {Becca},
  timestamp = {2013.09.03}
}

@INPROCEEDINGS{Ref:Kitts,
  author = {Kitts, C.},
  title = {A Small/Micro-/Pico- Satellite Program for Investigating Thunderstorm-related
	Atmospheric Phenomena},
  booktitle = {Proceedings of the AIAA/USU Conference on Small Satellites},
  year = {2002},
  volume = {University Student Competition},
  number = {37},
  note = {http://digitalcommons.usu.edu/smallsat/1998/all1998/37/},
  owner = {Becca},
  timestamp = {2013.09.03}
}

@INPROCEEDINGS{Ref:Krause,
  author = {Krause, L. and Enloe, C.L. and Haaland, R.},
  title = {Target of Opportunity Multipoint in Situ Measurements with Falconsat-2},
  booktitle = {Proceedings of the AIAA/USU Conference on Small Satellites},
  year = {2002},
  volume = {Science and Exploration},
  number = {50},
  note = {http://digitalcommons.usu.edu/smallsat/2002/all2002/50/},
  owner = {Becca},
  timestamp = {2013.09.03}
}

@TECHREPORT{Ref:Lawson07,
  author = {P. R. Lawson and O. P. Lay and K. J. Johnston and C. A. Beichman},
  title = {Terrestrial Planet Finder Interferometer Science Working Group Report},
  institution = {Jet Propulsion Laboratory, National Aeronautics and Space Administration},
  year = {2007},
  address = {Pasadena, California},
  owner = {Saptarshi},
  timestamp = {2013.08.28}
}

@INPROCEEDINGS{Ref:Lay03,
  author = {O. P. Lay and G. H. Blackwood},
  title = {Formation flying interferometry},
  booktitle = {Proceedings of the SPIE -- The International Society for Optical
	Engineering},
  year = {2003},
  volume = {4852},
  pages = {481--491},
  owner = {Saptarshi},
  timestamp = {2013.08.28}
}

@INPROCEEDINGS{Ref:Leitch,
  author = {Leitch, R. and Hemphill, I.},
  title = {Sapphire: A Small Satellite System for the Surveillance of Space},
  booktitle = {Proceedings of the AIAA/USU Conference on Small Satellites},
  year = {2010},
  volume = {Around the Corner},
  number = {11},
  note = {http://digitalcommons.usu.edu/smallsat/2010/all2010/11/},
  owner = {Becca},
  timestamp = {2013.09.03}
}

@INPROCEEDINGS{Ref:Lowe,
  author = {Lowe, C. and Macdonald, M. and Greenland, S. and Mckee, D.},
  title = {Charybdis:The Next Generation in Ocean Colour and Biogeochemical
	Remote Sensing},
  booktitle = {Proceedings of the AIAA/USU Conference on Small Satellites},
  year = {2012},
  volume = {Global Missions},
  number = {35},
  note = {http://digitalcommons.usu.edu/smallsat/2012/all2012/35/},
  owner = {Becca},
  timestamp = {2013.09.03}
}

@INPROCEEDINGS{Ref:Mazzoleni,
  author = {Mazzoleni, A. and Hoffman, J.},
  title = {A Small-Satellite Demonstrator for Generating Artificial Gravity
	in Space via a Tethered System},
  booktitle = {Proceedings of the AIAA/USU Conference on Small Satellites},
  year = {2002},
  volume = {Bold New Missions Using "Breakthrough Technologies" II},
  number = {14},
  note = {http://digitalcommons.usu.edu/smallsat/2002/all2002/14/},
  owner = {Becca},
  timestamp = {2013.09.03}
}

@ARTICLE{Ref:Morgan12,
  author = {D. Morgan and S.-J. Chung and L. Blackmore and B. Acikmese and D.
	Bayard and F. Y. Hadaegh},
  title = {Swarm-Keeping Strategies for Spacecraft under {J2} and Atmospheric
	Drag Perturbations},
  journal = {J. Guidance, Control, and Dynamics},
  year = {2012},
  volume = {35},
  pages = {1492 -- 1506},
  number = {5}
}

@INPROCEEDINGS{Ref:Murthy,
  author = {Murthy, R. and Thyagarajan, K.},
  title = {Micro Satellite Bus for Stand-alone Earth Imaging / Space Science
	Payloads},
  booktitle = {Proceedings of the AIAA/USU Conference on Small Satellites},
  year = {2006},
  volume = {The Past and Coming Years},
  number = {35},
  note = {http://digitalcommons.usu.edu/smallsat/2006/all2006/35/},
  owner = {Becca},
  timestamp = {2013.09.03}
}

@INPROCEEDINGS{Ref:Nicholas,
  author = {Nicholas, A. and Finne, T. and Galysh, I. and Kline, E. and Whiteley,
	M. and Fish, C. and Allen, W. and Grover, S. and Peterson, J. and
	Bingham, B.},
  title = {DISC Experiment Overview and On-Orbit Performance Results},
  booktitle = {Proceedings of the AIAA/USU Conference on Small Satellites},
  year = {2012},
  volume = {Lessons Learned II},
  number = {87},
  note = {http://digitalcommons.usu.edu/smallsat/2012/all2012/87/},
  owner = {Becca},
  timestamp = {2013.09.03}
}

@INPROCEEDINGS{Ref:Palo,
  author = {Palo, S. and Li, X, and Gerhardt, D. and Turner, D. and Kohnert,
	R. and Hoxie, V. and Batiste, S.},
  title = {Conducting Science with a CubeSat: The Colorado Student Space Weather
	Experiment},
  booktitle = {Proceedings of the AIAA/USU Conference on Small Satellites},
  year = {2010},
  volume = {The Next Generation},
  number = {77},
  note = {http://digitalcommons.usu.edu/smallsat/2010/all2010/77/},
  owner = {Becca},
  timestamp = {2013.09.03}
}

@INPROCEEDINGS{Ref:Peterson,
  author = {Peterson, E. and Zee, R. and Fotopoulos, G.},
  title = {Possible Orbit Scenarios for an InSAR Formation Flying Microsatellite
	Mission},
  booktitle = {Proceedings of the AIAA/USU Conference on Small Satellites},
  year = {2008},
  volume = {Mission Payloads},
  number = {35},
  note = {http://digitalcommons.usu.edu/smallsat/2008/all2008/35/},
  owner = {Becca},
  timestamp = {2013.09.03}
}

@INPROCEEDINGS{Ref:Redd,
  author = {Redd, F.J. and Olsen, T.A.},
  title = {Microspacecraft and Earth Observation: The Electrical Field (ELF)
	Measurement Project},
  booktitle = {Proceedings of the AIAA/USU Conference on Small Satellites},
  year = {1990},
  volume = {New Mission Concepts},
  number = {44},
  note = {http://digitalcommons.usu.edu/smallsat/1990/all1990/44/},
  owner = {Becca},
  timestamp = {2013.09.03}
}

@INPROCEEDINGS{Ref:Tolkachev,
  author = {Tolkachev, A.A. and Zolotarev, M.M. and Loukiaschenko, V.I. and Raikunov,
	G.G. and Yaremenko, A.I.},
  title = {Space Based Radar To Observe Space Debris},
  booktitle = {Proceedings of the AIAA/USU Conference on Small Satellites},
  year = {1998},
  volume = {Smart Mission Design and Risk Mitigation},
  number = {67},
  note = {http://digitalcommons.usu.edu/smallsat/1998/all1998/67/},
  owner = {Becca},
  timestamp = {2013.09.03}
}

@ELECTRONIC{Ref:Mag3D,
  author = {Weston, D.},
  month = {September},
  year = {2010},
  title = {A Decade fo Studying the Earth's Magnetic Shield in 3D},
  url = {http://www.ucl.ac.uk/news/news-articles/1009/10090204},
  owner = {Becca},
  timestamp = {2013.09.15}
}

@ELECTRONIC{Ref:Fermi,
  title = {NASA's Fermi Catches Thunderstorms Hurling Antimatter into Space},
  url = {http://www.nasa.gov/missionpages/GLAST/news/fermithunderstorms.html},
  owner = {Becca},
  timestamp = {2013.09.15}
}


% Encoding: Cp1252



%%%%%%%%%%%%%%%%%%%%%%%%%
% 2.  I M U
%%%%%%%%%%%%%%%%%%%%%%%%%

@misc{imu1,
  howpublished = "\url{http://www.siliconsensing.com/products/inertial-modules-systems/}",
  note = "[Online; accessed 14-Semtember-2013]"
}


@misc{imu2,
  howpublished = "\url{http://www.analog.com/static/imported-files/selection_tables/MEMS_Inertial_Sensors_Selection_Tables.pdf}",
  note = "[Online; accessed 14-Semtember-2013]"
}


%%%%%%%%%%%%%%%%%%%%%%%%%
% 3. Position Estimation Sensors
%%%%%%%%%%%%%%%%%%%%%%%%%

% Aerocube-4
@misc{pes1,
  author = { --(!) Author},
  title = {{ --(!) Title}},
  howpublished = "\url{ --(!) INSERT URL HERE }",
  note = "[Online; accessed 14-Semtember-2013]"
}

% Nano Star Tracker on Chip (STC)
@misc{pes2,
  author = { --(!) Author},
  title = {{ --(!) Title}},
  howpublished = "\url{ --(!) INSERT URL HERE }",
  note = "[Online; accessed 14-Semtember-2013]"
}


%%%%%%%%%%%%%%%%%%%%%%%%%
% 4. Attitude Estimation Sensors
%%%%%%%%%%%%%%%%%%%%%%%%%

% Blue Canyon Tech Nano Star Camera 1
@misc{aes1,
  author = { --(!) Author},
  title = {{ --(!) Title}},
  howpublished = "\url{ --(!) INSERT URL HERE }",
  note = "[Online; accessed 14-Semtember-2013]"
}

% SD085-23-21-021
@misc{aes2,
  howpublished = "\url{https://www.google.com/url?sa=t&rct=j&q=&esrc=s&source=web&cd=1&cad=rja&sqi=2&ved=0CCwQFjAA&url=http%3A%2F%2Fwww.advancedphotonix.com%2Fap_products%2Fpdfs%2FSD085-23-21-021.pdf&ei=mao0UuG9DMfPqQHVn4GYAw&usg=AFQjCNHY5pEkK_Xakrt80fVpktISQtX3MA&sig2=fJBAWOozaMFx0DqVgk-J6g }",
  note = "[Online; accessed 14-Semtember-2013]"
}

% Melexis MLX90615
@misc{aes3,
  howpublished = "\url{https://www.google.com/url?sa=t&rct=j&q=&esrc=s&source=web&cd=3&cad=rja&ved=0CDsQFjAC&url=http%3A%2F%2Fwww.melexis.com%2FAsset%2FIR-sensor-thermometer-MLX90615-Datasheet-old-1482-DownloadLink-5477.aspx&ei=sqo0Uo_lCofIrQHGhYC4Bw&usg=AFQjCNGDOVrgUogNWMZfVzKNFzGn9IgIiQ&sig2=HGh3kE0zimxIyj0h4sR0gA}",
  note = "[Online; accessed 14-Semtember-2013]"
}

% Honeywell HMC6042
@misc{aes4,
  howpublished = "\url{ https://www.google.com/url?sa=t&rct=j&q=&esrc=s&source=web&cd=1&cad=rja&ved=0CCwQFjAA&url=http%3A%2F%2Fwww.sssj.co.jp%2Fproducts%2Fmagnetic%2Fpdf%2FHMC6042.pdf&ei=z6o0UvekFMaSrAHCkoCICQ&usg=AFQjCNHTr0TSFc4auZBp-a52U75V8HNDjg&sig2=TkahejvI9-64BjbW4O_OuQ }",
  note = "[Online; accessed 14-Semtember-2013]"
}

% Honeywell HMC1041Z
@misc{aes5,
  howpublished = "\url{ https://www.google.com/url?sa=t&rct=j&q=&esrc=s&source=web&cd=1&cad=rja&ved=0CCwQFjAA&url=http%3A%2F%2Fwww51.honeywell.com%2Faero%2Fcommon%2Fdocuments%2Fmyaerospacecatalog-documents%2FMissiles-Munitions%2FHMC1041Z.pdf&ei=6ao0Uo7eAoelrQG48IDgBQ&usg=AFQjCNG9ravU7cLrOq6t9YNKdEgU_dVFrA&sig2=zS0R1HjFNQUvZyUY-SjSFA }",
  note = "[Online; accessed 14-Semtember-2013]"
}

% Space Micro Coarse Sun Sensor
@misc{aes6,
  author = { --(!) Author},
  title = {{ --(!) Title}},
  howpublished = "\url{ --(!) INSERT URL HERE }",
  note = "[Online; accessed 14-Semtember-2013]"
}

% Space Micro Medium Sun Sensor
@misc{aes7,
  author = { --(!) Author},
  title = {{ --(!) Title}},
  howpublished = "\url{ --(!) INSERT URL HERE }",
  note = "[Online; accessed 14-Semtember-2013]"
}

% Berlin Space Tech ST-200
@misc{aes8,
  author = { --(!) Author},
  title = {{ --(!) Title}},
  howpublished = "\url{ --(!) INSERT URL HERE }",
  note = "[Online; accessed 14-Semtember-2013]"
}

% Digital Fine sun Sensor CubeSat Shop
@misc{aes9,
  author = { --(!) Author},
  title = {{ --(!) Title}},
  howpublished = "\url{ --(!) INSERT URL HERE }",
  note = "[Online; accessed 14-Semtember-2013]"
}

% Magnetometer
@misc{aes10,
  author = { --(!) Author},
  title = {{ --(!) Title}},
  howpublished = "\url{ --(!) INSERT URL HERE }",
  note = "[Online; accessed 14-Semtember-2013]"
}


% CubeSat Sun Sensor
@misc{aes11,
  author = { --(!) Author},
  title = {{ --(!) Title}},
  howpublished = "\url{ --(!) INSERT URL HERE }",
  note = "[Online; accessed 14-Semtember-2013]"
}



%%%%%%%%%%%%%%%%%%%%%%%%%
% 5.  Inter-sat Distance Sensors
%%%%%%%%%%%%%%%%%%%%%%%%%


%IBIS4-1300
@ARTICLE{Ref:ids1,
  author = {Aaron Rogers, Kalle Anderson, Anna Mracek, Ray Zenick, Jefferson Garau},
  title = {An Integrated Vision-Based System for Spacecraft Attitude and Topology Determination for Formation Flight Missions},
  journal = {Small Satellite Conference},
  year = {2004},
  volume = {Advanced Technologies Section I}
}

%Nexus S
@ARTICLE{Ref:ids2,
  author = {Christopher Becker, Richard Howard, John Rakoczy},
  title = {Smartphone Video Guidance Sensor for Small Satellites},
  journal = {Small Satellite Conference},
  year = {2012},
  volume = {Advanced Technologies Section I}
}

%%%%%%%%%%%%%%%%%%%%%%%%%
%  6. Actuators
%%%%%%%%%%%%%%%%%%%%%%%%%


%%%%%%%%%%%%%%%%%%%%%%%%%
%  7. Thrusters 
%%%%%%%%%%%%%%%%%%%%%%%%%

% COTS1
% COTS2
% COTS3
% COTS4
% COTS5
% COTS6
% COTS7

% Ion Electrospray
@ARTICLE{Ref:thr8,
  author = {Matthew Dushku, Paul Mueller},
  title = {Additively Manufactured Propulsion System},
  journal = {Small Satellite Conference},
  year = {2012},
  volume = {Advanced Technologies I}
}

% Micro Vacuum
@ARTICLE{Ref:thr9,
  author = {Filip Rysanek, John William Hartmann},
  title = {Microvacuum Arc Thruster Design for a Cubesat Class Satellite},
  journal = {Small Satellite Conference},
  year = {2002},
  volume = {Existing and Near Term Missions}
} 

% YUsend-1 SPT
@ARTICLE{Ref:thr10,
  author = {Kartheephan Sathiyanathan, Regina Lee, Hugh Chesser, Charles Dubois, Robert Stowe, Rocco Farinaccio, Sophie Ringuette},
  title = {YUsend-1 Solid Propellant Microthruster Design, Fabrication and Testing},
  journal = {Small Satellite Conference},
  year = {2010},
  volume = {Advanced Technologies I}
}
